@Article{ bib:pankratov:2014:RTMV,
	title = "Расчет течения мелкой воды",
	author = "Панкратов, И.А. and Рымчук, Д.С.",
	publisher = "",
	address = "",
	pages = "121--124",
	volume = "16",
	year = "2014",
	language = "russian",
	journal = "Математика. Механика"
}

@Article{ bib:pankratov:2014:RCVV,
	title = "Расчет циркуляции воды в озере",
	author = "Маркелова, O.И. and Панкратов, И.А.",
	publisher = "",
	address = "",
	pages = "114--117",
	volume = "16",
	year = "2014",
	language = "russian",
	journal = "Математика. Механика"
}

@Article{ bib:pankratov:2015:MMCVV,
	title = "Математическое моделирование циркуляции воды в озере",
	author = "Ильясова, Т.А. and Панкратов, И.А.",
	publisher = "",
	address = "",
	pages = "101-104",
	volume = "17",
	year = "2015",
	language = "russian",
	journal = "Математика. Механика"
}

@Article{ bib:pankratov:2016:CALT,
	title = "Численная апроксимация линий тока методом Галёркина",
	author = "Панкратов, И.А.",
	publisher = "",
	address = "",
	pages = "4--6",
	volume = "2",
	year = "2016",
	language = "russian",
	journal = "Juvenis scientia"
}

@Electronic{ bib:fem:pankratov,
	title = "{Введение в методы взвешенных невязок}",
	medium = {Electronic resource},
	author = "Панкратов, И.А.",
	url = "http://www.sgu.ru/sites/default/files/textdocsfiles/2013/12/10/fem_introduction.pdf",
	urldate = "20.04.2017",
	language = "russian"
}

@Electronic{ bib:triangle:chew,
	title = "{Where and How Chew’s Second Delaunay Refinement Algorithm Works}",
	medium = {Electronic resource},
	author = "Rand, A.",
	url = "http://2011.cccg.ca/PDFschedule/papers/paper91.pdf",
	urldate = "20.04.2017",
	language = "russian"
}

@Electronic{ bib:triangle:chew,
	title = "{OpenStreetMap (OSM)}",
	medium = {Electronic resource},
	url = "https://www.openstreetmap.org",
	urldate = "22.04.2017"
}





@Book{ bib:fem:zenkevich,
	author = "Зенкевич, О. and Морган, К.",
	title = "Конечные элементы и аппроксимация",
	publisher = "М.: Мир",
	year = "1986",
	pages = "318",
	language = "russian"
}

@Book{ bib:fem:konor,
	author = "Коннор, Дж. and Бреббиа, К.",
	title = "Метод конечных элементов в механике жидкости",
	publisher = "Л.: Судостроение",
	year = "1979",
	pages = "264",
	language = "russian"
}

@Book{ bib:python:lutz;2013,
	author = "Lutz, M.",
	title = "Learning Python, 5th Edition",
	publisher = "O'Reilly Media",
	year = "2013",
	pages = "1648",
	language = "english",
	isbn = "978-1449355739",
}

@Book{ bib:python:nm:2013,
	author = "Kiusalaas, J.",
	title = "Numerical Methods in Engineering with Python 3, 3rd Edition",
	publisher = "New York: Cambridge University Press",
	year = "2013",
	pages = "432",
	language = "english",
	isbn = "978-1107033856",
}

@Book{ bib:calc:yurko:2004,
	author = "Юрко, В. А.",
	title = "Уравнения математической физики : учеб. пособие для студентов механико-математического и физического факультетов",
	publisher = "Саратов: Изд-во Сарат. ун-та",
	year = "2004",
	pages = "118",
	language = "russian"
}

@Book{ bib:calc:fletcher:1991,
	author = "Флетчер, К.",
	title = "Вычислительные методы в динамике жидкостей",
	publisher = "М.: Мир",
	year = "1991",
	pages = "504",
	volume = "1",
	language = "russian",
	isbn = "5-03-001881-6",
}

@Book{ bib:calc:zorich,
	author = "Зорич, В. А.",
	title = "Математический анализ",
	publisher = "М.: ФАЗИС",
	year = "1997",
	pages = "554",
	volume = "1",
	language = "russian",
	ISBN = "ISBN 5-7036-0031-6"
}


@Book{ bib:triangle:ruppert
	author = "Ruppert, J.",
	title = "A Delaunay Refinement Algorithm for Quality 2-Dimentional Mesh Generation",
	publisher = "NASA Ames Research Center",
	year = "1995",
	language = "english"
}
